<?xml version="1.0" encoding="UTF-8"?><collection xmlns="http://www.loc.gov/MARC21/slim"><record><leader>00559nam--2200169-i-4500</leader><controlfield tag="001">000028358</controlfield><controlfield tag="002">20161230</controlfield><controlfield tag="005">20161230201037</controlfield><controlfield tag="008">060222s1000------------r-----000-0-eng-d</controlfield><datafield ind1=" " ind2=" " tag="040"><subfield code="a">IFIN-HH</subfield></datafield><datafield ind1=" " ind2=" " tag="080"><subfield code="a">539.2(043)</subfield></datafield><datafield ind1="1" ind2=" " tag="100"><subfield code="a">Lemar, Earl Ray</subfield></datafield><datafield ind1="1" ind2="0" tag="245"><subfield code="a">Direct process spin-lattice relaxation of the hyperfine lines of trivalent erbium 167 in anhydrous lanthanum trichloride</subfield><subfield code="b">Dissertation</subfield><subfield code="c">Earl ray lemar</subfield></datafield><datafield ind1=" " ind2=" " tag="260"><subfield code="a">Ann Arbor, Michigan</subfield><subfield code="b">University Microfilms Co</subfield><subfield code="c">1972</subfield></datafield><datafield ind1=" " ind2=" " tag="300"><subfield code="a">IV + 98P</subfield></datafield><datafield ind1=" " ind2=" " tag="852"><subfield code="a">42252</subfield><subfield code="c">539.2</subfield></datafield><datafield ind1=" " ind2=" " tag="CAT"><subfield code="a">Sys</subfield><subfield code="c">20121024</subfield><subfield code="h">131122</subfield></datafield></record></collection>